%YAML 1.1
%TAG !u! tag:unity3d.com,2011:
--- !u!1001 &100100000
Prefab:
  m_ObjectHideFlags: 1
  serializedVersion: 2
  m_Modification:
    m_TransformParent: {fileID: 0}
    m_Modifications: []
    m_RemovedComponents: []
  m_SourcePrefab: {fileID: 0}
  m_RootGameObject: {fileID: 1649198832499664}
  m_IsPrefabAsset: 1
--- !u!1 &1649198832499664
GameObject:
  m_ObjectHideFlags: 0
  m_CorrespondingSourceObject: {fileID: 0}
  m_PrefabInternal: {fileID: 100100000}
  serializedVersion: 6
  m_Component:
  - component: {fileID: 4815234640823778}
  - component: {fileID: 212273020213400218}
  - component: {fileID: 60596614725906874}
  m_Layer: 0
  m_Name: Jar
  m_TagString: Untagged
  m_Icon: {fileID: 0}
  m_NavMeshLayer: 0
  m_StaticEditorFlags: 0
  m_IsActive: 1
--- !u!4 &4815234640823778
Transform:
  m_ObjectHideFlags: 1
  m_CorrespondingSourceObject: {fileID: 0}
  m_PrefabInternal: {fileID: 100100000}
  m_GameObject: {fileID: 1649198832499664}
  m_LocalRotation: {x: -0, y: -0, z: -0, w: 1}
  m_LocalPosition: {x: -3.4, y: -2.13, z: 0}
  m_LocalScale: {x: 0.91816294, y: 0.91816294, z: 0.91816294}
  m_Children: []
  m_Father: {fileID: 0}
  m_RootOrder: 0
  m_LocalEulerAnglesHint: {x: 0, y: 0, z: 0}
--- !u!60 &60596614725906874
PolygonCollider2D:
  m_ObjectHideFlags: 1
  m_CorrespondingSourceObject: {fileID: 0}
  m_PrefabInternal: {fileID: 100100000}
  m_GameObject: {fileID: 1649198832499664}
  m_Enabled: 1
  m_Density: 1
  m_Material: {fileID: 6200000, guid: cf986e818abd6ca4f9032a470897d57c, type: 2}
  m_IsTrigger: 0
  m_UsedByEffector: 0
  m_UsedByComposite: 0
  m_Offset: {x: 0, y: 0}
  m_SpriteTilingProperty:
    border: {x: 0, y: 0, z: 0, w: 0}
    pivot: {x: 0.5, y: 0.5}
    oldSize: {x: 4.2, y: 5.97}
    newSize: {x: 4.2, y: 5.97}
    adaptiveTilingThreshold: 0.5
    drawMode: 0
    adaptiveTiling: 0
  m_AutoTiling: 0
  m_Points:
    m_Paths:
    - - {x: 1.1999999, y: -2.8149998}
      - {x: 1.4599999, y: -2.715}
      - {x: 1.75, y: -2.5549998}
      - {x: 1.89, y: -2.445}
      - {x: 2.01, y: -2.315}
      - {x: 2.06, y: -2.235}
      - {x: 2.1, y: -2.155}
      - {x: 2.1, y: 2.065}
      - {x: 2.09, y: 2.125}
      - {x: 2.02, y: 2.235}
      - {x: 1.92, y: 2.485}
      - {x: 1.93, y: 2.5549998}
      - {x: 1.93, y: 2.595}
      - {x: 1.92, y: 2.665}
      - {x: 1.76, y: 2.7949998}
      - {x: 1.64, y: 2.875}
      - {x: 1.7095641, y: 2.8251364}
      - {x: 1.7392111, y: 1.9963071}
      - {x: 1.9117569, y: -2.107035}
      - {x: 0.6170409, y: -2.611977}
      - {x: -1.000084, y: -2.7067642}
      - {x: -1.9860239, y: -2.0781093}
      - {x: -1.9462961, y: 2.086225}
      - {x: -1.578938, y: 2.4257624}
      - {x: -1.5791556, y: 2.8751366}
      - {x: -1.43, y: 2.935}
      - {x: -1.5799999, y: 2.905}
      - {x: -1.7199999, y: 2.845}
      - {x: -1.88, y: 2.665}
      - {x: -1.89, y: 2.595}
      - {x: -1.89, y: 2.5549998}
      - {x: -1.87, y: 2.495}
      - {x: -1.8499999, y: 2.415}
      - {x: -2.03, y: 2.235}
      - {x: -2.1, y: 2.075}
      - {x: -2.1, y: -2.155}
      - {x: -2.04, y: -2.2849998}
      - {x: -1.9599999, y: -2.375}
      - {x: -1.8299999, y: -2.5049999}
      - {x: -1.6999999, y: -2.585}
      - {x: -1.4599999, y: -2.715}
      - {x: -1.26, y: -2.7949998}
      - {x: -0.97999996, y: -2.875}
      - {x: -0.65999997, y: -2.935}
      - {x: -0.29, y: -2.965}
      - {x: 0.26, y: -2.965}
      - {x: 0.41, y: -2.955}
      - {x: 0.65999997, y: -2.925}
      - {x: 0.83, y: -2.895}
    - - {x: -0.45, y: -2.825}
      - {x: -0.68, y: -2.7949998}
      - {x: -0.94, y: -2.745}
      - {x: -1.2099999, y: -2.665}
      - {x: -1.43, y: -2.575}
      - {x: -1.5799999, y: -2.5049999}
      - {x: -1.76, y: -2.395}
      - {x: -1.93, y: -2.215}
      - {x: -1.99, y: -2.065}
      - {x: -2, y: -2.055}
      - {x: -2, y: 1.995}
      - {x: -1.99, y: 1.995}
      - {x: -1.9, y: 2.185}
      - {x: -1.77, y: 2.325}
      - {x: -1.67, y: 2.345}
      - {x: -1.5, y: 2.2949998}
      - {x: -1.6694826, y: 2.3548636}
      - {x: -1.9786655, y: 2.175054}
      - {x: -2.0380669, y: -2.1291177}
      - {x: -1.6483113, y: -2.358818}
      - {x: -1.1378214, y: -2.6584096}
      - {x: -0.15888299, y: -2.6484094}
      - {x: 0.5902999, y: -2.598464}
      - {x: 1.3795372, y: -2.3587635}
      - {x: 1.1501632, y: -2.6683009}
      - {x: 1.9395097, y: -2.0890093}
      - {x: 1.7999184, y: 2.3949454}
      - {x: 1.9, y: 2.195}
      - {x: 1.99, y: 1.995}
      - {x: 2, y: 1.995}
      - {x: 2, y: -2.055}
      - {x: 1.99, y: -2.065}
      - {x: 1.9, y: -2.2549999}
      - {x: 1.76, y: -2.395}
      - {x: 1.5799999, y: -2.5049999}
      - {x: 1.43, y: -2.585}
      - {x: 1.09, y: -2.705}
      - {x: 0.66999996, y: -2.7849998}
      - {x: 0.45, y: -2.825}
      - {x: 0.32999998, y: -2.835}
      - {x: 0.14, y: -2.845}
      - {x: -0.13, y: -2.855}
      - {x: -0.14, y: -2.845}
--- !u!212 &212273020213400218
SpriteRenderer:
  m_ObjectHideFlags: 1
  m_CorrespondingSourceObject: {fileID: 0}
  m_PrefabInternal: {fileID: 100100000}
  m_GameObject: {fileID: 1649198832499664}
  m_Enabled: 1
  m_CastShadows: 0
  m_ReceiveShadows: 0
  m_DynamicOccludee: 1
  m_MotionVectors: 1
  m_LightProbeUsage: 1
  m_ReflectionProbeUsage: 1
  m_RenderingLayerMask: 4294967295
  m_Materials:
  - {fileID: 10754, guid: 0000000000000000f000000000000000, type: 0}
  m_StaticBatchInfo:
    firstSubMesh: 0
    subMeshCount: 0
  m_StaticBatchRoot: {fileID: 0}
  m_ProbeAnchor: {fileID: 0}
  m_LightProbeVolumeOverride: {fileID: 0}
  m_ScaleInLightmap: 1
  m_PreserveUVs: 0
  m_IgnoreNormalsForChartDetection: 0
  m_ImportantGI: 0
  m_StitchLightmapSeams: 0
  m_SelectedEditorRenderState: 0
  m_MinimumChartSize: 4
  m_AutoUVMaxDistance: 0.5
  m_AutoUVMaxAngle: 89
  m_LightmapParameters: {fileID: 0}
  m_SortingLayerID: 0
  m_SortingLayer: 0
  m_SortingOrder: 0
  m_Sprite: {fileID: 21300000, guid: 1293783cdfed3114f958411e967ef198, type: 3}
  m_Color: {r: 1, g: 1, b: 1, a: 1}
  m_FlipX: 0
  m_FlipY: 0
  m_DrawMode: 0
  m_Size: {x: 4.2, y: 5.97}
  m_AdaptiveModeThreshold: 0.5
  m_SpriteTileMode: 0
  m_WasSpriteAssigned: 1
  m_MaskInteraction: 0
  m_SpriteSortPoint: 0
